<record><leader>00000cas a22000007a 4500</leader><controlfield tag="001">11007687</controlfield><controlfield tag="008">840731d18901893mtuwr ne      0    0dan d</controlfield><datafield ind1=" " ind2=" " tag="010"><subfield code="a">sn 84036128 </subfield></datafield><datafield ind1=" " ind2=" " tag="040"><subfield code="a">MTL</subfield><subfield code="b">eng</subfield><subfield code="c">MTL</subfield><subfield code="d">NPV</subfield><subfield code="d">OCLCQ</subfield></datafield><datafield ind1="0" ind2=" " tag="041"><subfield code="a">dan</subfield><subfield code="a">nor</subfield></datafield><datafield ind1=" " ind2=" " tag="042"><subfield code="a">msc</subfield></datafield><datafield ind1="0" ind2="0" tag="242"><subfield code="a">Montana post.</subfield><subfield code="y">eng</subfield></datafield><datafield ind1="0" ind2="0" tag="245"><subfield code="a">Montana posten.</subfield></datafield><datafield ind1=" " ind2=" " tag="260"><subfield code="a">Helena, Mont. :</subfield><subfield code="b">J. Wessel,</subfield><subfield code="c">1890-</subfield></datafield><datafield ind1=" " ind2=" " tag="300"><subfield code="a">3 volumes :</subfield><subfield code="b">illustrations (chiefly advertisements) ;</subfield><subfield code="c">56 cm</subfield></datafield><datafield ind1=" " ind2=" " tag="310"><subfield code="a">Weekly</subfield></datafield><datafield ind1=" " ind2=" " tag="336"><subfield code="a">text</subfield><subfield code="b">txt</subfield><subfield code="2">rdacontent</subfield></datafield><datafield ind1=" " ind2=" " tag="337"><subfield code="a">unmediated</subfield><subfield code="b">n</subfield><subfield code="2">rdamedia</subfield></datafield><datafield ind1=" " ind2=" " tag="338"><subfield code="a">volume</subfield><subfield code="b">nc</subfield><subfield code="2">rdacarrier</subfield></datafield><datafield ind1="0" ind2=" " tag="362"><subfield code="a">1ste aarg., no. 1, (11te, Oct. 1890)-</subfield></datafield><datafield ind1="1" ind2=" " tag="362"><subfield code="a">Ceased in 1893.</subfield><subfield code="z">Cf. Helena city directories, 1893-1894.</subfield></datafield><datafield ind1=" " ind2=" " tag="500"><subfield code="a">Last issue located: 3die Aarg., no. 32 (Aug. 13, 1893).</subfield></datafield><datafield ind1=" " ind2=" " tag="500"><subfield code="a">Publisher varies.</subfield></datafield><datafield ind1=" " ind2=" " tag="500"><subfield code="a">"A Norwegian weekly paper published ... in the interest of the Democratic Party ... The first Norwegian language paper in the state." Cf. Letter from Hans C. Boe to David Hilger, Aug. 2, 1928. Library correspondence. Montana Historical Society Archives.</subfield></datafield><datafield ind1=" " ind2=" " tag="500"><subfield code="a">"The only paper in Montana published in both the Norwegian and Swedish languages." Cf. No. 6, 3die aarg. (Feb. 23, 1893).</subfield></datafield><datafield ind1=" " ind2=" " tag="500"><subfield code="a">Editor: J. Wessel, Oct. 11-18, 1890.</subfield></datafield><datafield ind1=" " ind2=" " tag="521"><subfield code="a">"Det eneste Skandinaviske Demokratiske blad i Staten Montana" (the only Scandinavian Democratic newspaper in the State of Montana).</subfield></datafield><datafield ind1=" " ind2=" " tag="546"><subfield code="a">In Danish-Norwegian.</subfield></datafield><datafield ind1=" " ind2=" " tag="752"><subfield code="a">United States</subfield><subfield code="b">Montana</subfield><subfield code="c">Lewis and Clark</subfield><subfield code="d">Helena.</subfield></datafield><datafield ind1="1" ind2=" " tag="029"><subfield code="a">AU@</subfield><subfield code="b">000025809480</subfield></datafield></record>